3588 5296
419 361 458 428 18
705 361 737 420 Τ.
756 361 910 419 nucem
928 360 1012 418 cnm
1030 361 1079 417 De
1097 359 1225 417 RERUM
1243 358 1395 416 Narona

570 523 741 591 Praeterea
762 523 791 589 si
812 521 994 589 inmortalia
1015 527 1133 590 natura
1154 521 1306 589 animaist

417 646 468 696 ose
527 635 560 696 et
582 629 701 697 sentire
723 632 832 715 potest
853 631 975 696 secreta
997 652 1017 696 a
1039 649 1172 716 corporo
1193 632 1322 717 nostro,

528 735 682 822 quinque,
704 739 741 800 ut
764 735 893 824 opinor,
915 757 985 800 eaor
1008 735 1222 802 faciundumst
1245 734 1394 802 sensibus
1415 737 1555 800 aucum:

527 863 584 938 neo
605 840 731 907 ratione
753 840 817 907 alia
837 844 965 908 nosmet
986 861 1164 928 proponere
1185 839 1281 906 nobie

525 969 697 1033 possurnus
720 947 862 1014 infernas
884 946 1007 1014 animas
1029 945 1213 1014 Acherunte
1235 946 1355 1033 uagari.

524 1052 664 1138 pictores
687 1053 796 1139 itaque
818 1055 851 1118 ot
873 1053 1065 1140 scriptorum
1088 1051 1191 1119 casola
1212 1051 1323 1138 priora

417 1175 469 1228 ⁸³⁰
526 1159 573 1225 sio
595 1159 719 1225 aninras
742 1158 829 1225 intro
852 1157 1012 1224 oluerunt
1034 1158 1181 1225 sensibus
1204 1162 1323 1226 anctae

527 1270 561 1332 at
582 1286 686 1351 neque
708 1286 836 1331 sorsum
858 1265 942 1331 oculi
964 1285 1067 1353 noque
1088 1287 1182 1332 nares
1202 1286 1262 1332 neo
1284 1286 1397 1332 manns
1420 1264 1492 1352 ipsa

525 1394 594 1438 esse
615 1375 725 1458 potest
747 1371 884 1452 animae,
905 1392 1010 1458 nequo
1032 1393 1158 1440 sorsum
1180 1371 1294 1459 lingna
1314 1391 1418 1459 noque
1439 1389 1547 1436 anteat

525 1476 612 1544 houd
633 1477 735 1566 igitur
756 1499 815 1564 per
836 1499 872 1543 se
893 1481 1031 1564 possunt
1053 1479 1172 1546 sentire
1192 1499 1297 1566 nequo
1319 1498 1396 1544 esse

570 1583 617 1650 nt
638 1585 790 1668 qnoniam
814 1588 885 1649 toto
908 1583 1065 1651 sentimus
1087 1606 1222 1672 corpore
1242 1585 1347 1651 inesse

526 1689 658 1758 uitatem
682 1711 812 1757 sensum
833 1693 866 1756 et
888 1693 995 1756 toturn
1017 1712 1088 1758 esse
1109 1690 1246 1758 miruolo
1267 1689 1426 1776 uidemus,

527 1796 687 1864 sisnbito
709 1795 850 1863 medium
872 1795 967 1862 celeri
988 1795 1176 1884 praeciderit
1198 1797 1267 1864 ictu

388 1953 394 1962 .
526 1905 577 1970 nis
600 1903 723 1992 aliqua,
744 1907 783 1970 ut
805 1923 932 1969 sorsum
953 1907 1077 1989 partem
1100 1907 1245 1972 secernet
1265 1909 1449 1990 utramque,

526 2009 696 2097 dispertita
716 2008 830 2098 proonl
852 2007 951 2077 dnbio
973 2031 1101 2097 qnoque
1123 2011 1174 2077 nis
1196 2010 1316 2076 animai

526 2120 560 2182 et
581 2115 716 2182 discissa
737 2115 834 2182 simul
855 2137 929 2182 curn
951 2137 1083 2204 corpore
1105 2116 1293 2184 dissicietnr.

526 2227 562 2288 at
583 2221 670 2309 qnod
692 2221 849 2289 scinditur
871 2225 904 2288 et
925 2223 1028 2310 partia
1051 2223 1185 2290 discedit
1206 2223 1240 2289 in
1263 2221 1361 2311 uliae,

525 2328 663 2417 scilicet,
684 2332 847 2395 aeternam
869 2327 934 2394 sibi
955 2333 1105 2396 naturam
1127 2329 1241 2396 abnuit
1263 2351 1339 2395 esse

526 2434 686 2502 falciferos
708 2437 888 2501 memorant
910 2455 1022 2502 onnus
1044 2434 1208 2503 abscidere
1229 2432 1373 2501 membra

527 2563 621 2628 saepe
643 2540 691 2607 ita
712 2540 751 2607 de
774 2539 882 2607 subito
903 2541 1064 2627 permixta
1085 2541 1179 2607 caede
1201 2539 1349 2628 calentia,

528 2653 566 2715 nt
588 2653 724 2714 tremere
746 2648 781 2713 in
803 2651 891 2713 terra
913 2647 1060 2715 uideatrn
1081 2646 1123 2715 ab
1145 2645 1281 2714 artubus
1303 2643 1336 2712 id
1359 2644 1446 2732 qnod

529 2751 648 2820 decidit
668 2752 844 2840 abscisum,
866 2775 940 2820 com
961 2775 1058 2820 mens.
1074 2757 1182 2820 tamen
1203 2757 1302 2840 atque
1321 2751 1464 2818 hominia
1486 2749 1537 2816 nis

526 2859 709 2927 mobilitate
731 2859 808 2926 mali
829 2879 897 2925 non
919 2859 991 2946 quit
1013 2859 1132 2926 sentire
1153 2857 1298 2926 dolorem

526 2970 560 3033 et
582 2965 679 3032 simul
701 2966 736 3032 in
757 2987 884 3054 pugnos
907 2962 1015 3032 studio
1038 2965 1126 3051 qnod
1147 2963 1255 3032 dedita
1276 2986 1365 3032 meno
1388 2967 1452 3032 eet:

527 3094 660 3159 corpore
682 3071 803 3138 relicuo
825 3091 967 3159 pugnam
989 3069 1163 3158 caedesque
1183 3071 1333 3159 petent,

526 3201 585 3246 neo
605 3182 695 3245 tenet
718 3177 869 3245 amissam
890 3177 1016 3244 laenam
1037 3199 1110 3244 cnm
1133 3178 1274 3266 tegmine
1297 3199 1390 3264 coepe
1411 3180 1415 3186 ’

528 3286 612 3352 inter
631 3305 732 3372 equos
754 3282 903 3350 abstraxe
925 3288 1014 3351 rotas
1035 3283 1196 3372 falcesque
1217 3305 1361 3372 rapaces,

527 3413 586 3458 neo
607 3391 759 3458 occidisse
781 3390 864 3457 atius
886 3388 1046 3479 datram,
1066 3411 1139 3457 onrn
1162 3389 1287 3457 scandit
1308 3395 1341 3456 et
1362 3389 1474 3456 inane

527 3497 601 3564 inde
623 3496 706 3564 aliua
728 3501 864 3564 conatur
885 3495 1034 3584 adempto
1057 3517 1187 3584 surgere
1208 3517 1313 3584 mre,

529 3625 601 3670 corn
623 3603 744 3691 digitos
767 3603 871 3690 ogitat
892 3607 1024 3691 propter
1046 3603 1257 3670 moribundus
1278 3602 1369 3670 humi
1391 3623 1458 3690 pes.

528 3715 562 3776 ot
583 3713 679 3797 caput
701 3707 862 3776 abscisum
884 3708 988 3776 calido
1009 3709 1202 3798 uiuenteqne
1223 3715 1338 3777 trunco

419 3833 471 3884 ooo
530 3820 638 3882 seruat
659 3814 750 3882 hurni
773 3814 899 3882 uoltum
922 3814 1053 3882 uitalem
1075 3815 1250 3903 oculosque
1270 3815 1428 3904 patentis,

528 3920 628 3988 donec
649 3921 802 4008 reliquias
824 3919 943 3988 animai
964 3919 1101 3988 reddidit
1123 3942 1243 3989 omnea

529 4028 609 4115 quin
631 4029 729 4095 etiarn
750 4027 813 4094 tibi
835 4026 878 4113 si,
898 4025 1011 4116 tingue
1033 4026 1196 4115 uibrante,
1217 4026 1349 4094 micanti

530 4135 688 4221 serpentis
710 4135 810 4202 cauda
831 4155 964 4222 procero
986 4154 1119 4221 corpora
1140 4133 1338 4222 *unumque

531 4241 575 4308 sit
595 4240 726 4308 libitum
748 4241 784 4307 in
805 4238 925 4306 multas
945 4239 1050 4327 partis
1072 4239 1226 4308 discidere
1247 4241 1348 4329 torro,

421 4365 474 4415 ooo
532 4346 640 4414 omnia
661 4347 725 4414 iarn
749 4368 875 4414 eorsum
897 4367 1005 4414 cernes
1028 4347 1136 4414 anona
1157 4348 1279 4417 recenti

492 4509 544 4560 024
565 4502 704 4561 mortalius
730 4505 799 4560 sert.
819 4503 913 4560 13¹-
937 4501 1086 4560 animaeat:
1114 4504 1184 4562 sert.
1207 4504 1243 4562 Ic
1314 4510 1367 4562 ⁸20
1394 4507 1520 4562 endum:
1552 4503 1623 4561 ero.
1646 4503 1694 4560 13¹

422 4573 1105 4717 tttrsnofrronffntffrtn
1144 4575 1488 4704 tenendis
1545 4573 1692 4700 &titt

422 4717 490 4772 sert.
504 4715 582 4772 Nico.
655 4723 705 4773 ool
726 4715 807 4772 ictatr
825 4716 895 4772 tert.
907 4717 943 4773 n.
1006 4720 1058 4770 dot
1076 4714 1193 4772 micanti
1211 4717 1338 4775 laetus
1356 4715 1477 4774 minanti
1499 4715 1564 4784 Ac,
1579 4715 1648 4786 [etit
1665 4715 1693 4772 Β

422 4790 474 4844 tos
492 4786 583 4844 cauda
600 4787 654 4845 Δί
673 4785 763 4844 cande
781 4817 815 4830 -
834 4789 996 4858 ntrnrnqnar
1015 4786 1084 4844 eicit.
1103 4790 1252 4859 utramque
