3588 5296
723 325 833 384 unsa
848 323 1010 383 mnus

347 492 445 574 atque
466 485 646 554 foramina?
680 485 878 556 multimodis
898 490 938 555 ut
957 507 1089 554 nosoars
1110 483 1217 573 possis

347 592 550 680 dispertitam
572 593 693 660 animas
713 598 863 662 naturam
883 595 988 662 orisso
1008 614 1067 680 per
1088 595 1179 658 artus

239 715 293 766 ooo
350 703 385 765 et
406 699 497 788 prius
519 721 588 766 esse
610 699 673 766 sibi
694 699 879 768 slistraotsm
899 721 1033 788 oorpors
1053 698 1198 786 inipso,

350 826 447 891 quam
468 804 619 894 prolapsa
638 805 725 873 lotas
746 809 856 873 enaret
876 805 911 872 in
932 805 1015 872 seris
1037 825 1140 872 suras

348 913 429 1000 quin
451 911 549 980 etiam
570 910 645 978 finis
666 910 742 978 slum
763 911 851 978 uitae
872 911 1010 978 uertitur
1031 909 1133 999 intra,

348 1041 443 1108 saepe
465 1017 574 1104 aliqua
594 1021 701 1084 tamon
722 1038 740 1084 e
761 1037 857 1083 eausa
876 1014 1035 1084 labefacta
1056 1015 1185 1082 uiuimus

348 1127 397 1194 ire
418 1124 526 1192 anima
548 1147 585 1191 so
605 1128 676 1191 toto
700 1121 784 1190 solui
806 1121 845 1190 da
866 1143 999 1210 oorpore
1016 1121 1114 1210 uella,

276 1254 291 1299 s
349 1236 384 1300 et
405 1232 499 1319 quasi
521 1251 668 1318 supremo
689 1227 893 1318 languescere
915 1233 1060 1316 tempora
1080 1227 1206 1316 uoltus,
1345 1233 1349 1242 '

348 1338 522 1426 molliaque
544 1335 698 1423 exsangui
720 1334 830 1402 eadm
852 1335 960 1403 omnia
980 1355 1113 1422 eorpore
1135 1333 1286 1402 membra

350 1443 436 1532 quod
459 1465 560 1532 genus
582 1440 772 1530 est,auin10
794 1439 877 1508 male
898 1441 1020 1508 fautum
1041 1463 1114 1508 eum
1135 1440 1323 1527 perhibetur

348 1555 405 1619 sut
427 1550 567 1617 animam
588 1547 734 1635 liquiss03
755 1546 813 1614 ubi
834 1547 898 1614 iam
920 1545 1099 1634 trepidatur
1121 1551 1155 1612 et
1176 1567 1287 1614 omnes

349 1662 529 1725 orhemum
549 1654 683 1740 eupiunt
704 1653 790 1720 uitae
811 1652 1039 1742 reprehendere
1060 1651 1216 1721 uiuulm

350 1764 586 1850 conquassatur
607 1760 691 1826 enirn
712 1764 783 1827 tum
804 1783 893 1826 meua
915 1760 1104 1846 animaeque
1124 1764 1269 1846 potestss

351 1869 472 1957 omnis,
493 1866 626 1934 ethaeo
646 1866 718 1953 ipso
739 1888 812 1933 eum
833 1886 966 1953 oorpors
987 1865 1217 1954 oonlabffiunt3

352 1980 391 2042 ut
412 1975 544 2063 grauior
565 1971 660 2060 paulo
682 1972 787 2058 possit
808 1971 983 2039 dissoluore
1004 1993 1109 2040 oauss

352 2080 431 2168 quid
452 2079 582 2146 dubitas
603 2077 732 2144 tandem
753 2077 834 2164 quin
855 2081 945 2144 extra
966 2076 1096 2166 prodita
1116 2098 1235 2164 eorpus

351 2185 502 2252 inbecilla
523 2184 626 2272 foras,
646 2183 681 2249 in
702 2187 828 2270 aperto,
849 2184 989 2272 tegmine
1010 2183 1156 2274 dempto,

353 2311 421 2358 non
442 2288 539 2356 modo
559 2311 627 2356 non
647 2309 773 2356 omnem
794 2290 899 2375 posuit
920 2287 1035 2356 durare
1057 2313 1115 2378 per
1137 2312 1265 2379 aouonu,

353 2397 409 2464 sed
430 2397 600 2463 minimum
621 2393 758 2482 quoduis
779 2399 918 2483 nequeat
938 2397 1114 2464 oonsistere
1135 2395 1285 2483 tempus?

353 2524 413 2570 neo
434 2503 499 2570 sibi
521 2502 606 2569 enim
626 2501 796 2588 quisquam
818 2501 957 2568 moriens
979 2502 1099 2570 mutire
1120 2501 1249 2570 uidetur

354 2609 403 2678 ire
425 2610 514 2677 foras
535 2609 673 2676 animam
694 2607 886 2676 ineolumem
907 2607 947 2676 sla
968 2631 1102 2697 corpora
1124 2611 1210 2700 toto,

353 2737 413 2784 neo
434 2717 525 2804 prius
548 2715 588 2782 ad
610 2714 755 2803 iugulum
777 2718 811 2781 at
833 2735 948 2801 supera
970 2715 1136 2782 anooedere
1157 2715 1280 2804 fsuooe,

354 2844 468 2889 uerum
490 2820 622 2888 defluere
642 2820 677 2888 in
699 2823 786 2887 oorta
806 2819 937 2908 ragione
957 2819 1111 2910 loostssu3

354 2931 393 2994 ut
414 2949 528 2995 seusus
550 2927 632 2994 alios
654 2925 689 2992 in
709 2925 795 3015 parti
818 2947 976 3013 quemque
997 2949 1057 2993 sus
1078 2928 1141 2995 suit

354 3033 499 3101 dissolui.
544 3032 679 3120 quodsi
701 3030 882 3098 inmortalis
903 3035 1015 3098 nostra
1035 3032 1122 3100 foret
1142 3055 1248 3123 meus,

356 3161 424 3207 non
446 3144 513 3206 tem
535 3161 570 3206 se
591 3139 729 3205 moriens
751 3136 884 3205 dissolui
905 3143 1167 3228 oonqueuoretur,

359 3246 415 3313 sed
436 3245 540 3333 mags
562 3245 609 3312 ire
629 3245 717 3311 lorus
738 3248 923 3330 uestemque
944 3243 1139 3334 relinquere,
1159 3249 1198 3312 ut
1220 3245 1343 3335 anguis

109 3383 113 3460 g
249 3367 301 3418 sio
403 3351 550 3438 Denique
571 3373 627 3418 our
648 3349 746 3416 animi
766 3371 942 3437 numquam
963 3373 1054 3418 mens
1075 3351 1310 3438 consiliumque

358 3457 505 3546 gignitur
526 3457 563 3523 in
583 3457 686 3544 eapite
708 3459 766 3522 sut
786 3455 920 3544 pedibus
942 3455 1146 3546 manibusue,
1168 3457 1224 3524 aad
1244 3457 1318 3525 unis

360 3563 491 3631 sedibus
512 3567 546 3630 et
567 3562 662 3630 oertis
684 3563 870 3651 ragiouutus
891 3561 1041 3630 omuibus
1061 3561 1189 3654 bssrot,

358 3670 388 3737 si
409 3692 477 3737 non
498 3673 587 3736 eerta
606 3668 678 3736 loos
699 3668 739 3735 sd
759 3665 951 3736 nsaoendum
973 3669 1099 3738 reddita
1120 3670 1235 3758 ouique

362 3778 453 3864 sunt,
473 3780 507 3843 et
529 3775 587 3842 ubi
608 3773 758 3862 quioquid
778 3773 884 3860 possit
905 3771 1020 3843 durare
1040 3779 1184 3844 ursatum

253 3999 305 4049 oso
363 3989 461 4072 atque
483 3988 531 4054 its
552 3986 750 4055 multimodis
769 3987 900 4073 partitis
922 3986 1057 4055 artubus
1079 4009 1164 4076 esso,

362 4091 580 4160 membrorum
600 4098 639 4160 ut
658 4099 833 4178 numquam
855 4092 972 4160 aaut
993 4097 1220 4181 praeposterus
1243 4095 1345 4164 ordo?

363 4217 466 4284 usque
488 4197 567 4266 adso
590 4199 733 4287 sequitur
754 4219 806 4265 res
828 4219 910 4285 rem,
930 4220 1033 4286 neque
1055 4199 1186 4270 flamma
1207 4203 1308 4270 uari

362 4299 551 4370 liminibus
573 4305 699 4373 solitast
720 4324 824 4392 nequo
845 4303 880 4370 in
896 4303 965 4391 igni
987 4303 1115 4393 gignier
1137 4307 1238 4396 algor.

323 4463 375 4514 694
399 4457 474 4515 ualle
492 4458 615 4516 loetum
637 4459 732 4516 omnis
752 4459 878 4518 membra
898 4477 951 4516 uus
973 4465 1029 4518 690
1100 4470 1152 4520 tto
1176 4481 1261 4521 essm
1302 4464 1324 4522 ἰ
1343 4464 1411 4520 sert.
1426 4463 1469 4521 13¹
1485 4493 1519 4506 -

251 4529 533 4657 utilitia·
565 4529 983 4660 martimum
1000 4531 1289 4664 ”osnes
1327 4532 1521 4661 lm

253 4669 361 4726 Mem
445 4675 498 4727 oso
520 4669 562 4726 iss
584 4671 632 4728 rte
653 4675 685 4729 ts
702 4703 737 4715 -
758 4671 871 4746 pauo·
888 4673 1027 4748 emm
1051 4675 1170 4748 puteo·
1248 4647 1301 4733 ω’
1322 4673 1408 4732 aaa
1428 4690 1521 4746 saque

254 4739 360 4813 insigni
377 4741 451 4798 AB:
470 4739 556 4798 solita
572 4744 616 4798 ost
631 4743 676 4812 lt,
693 4741 724 4800 iu
741 4741 804 4817 igui
822 4742 864 4800 B'

305 4837 460 4885 umus.
473 4839 575 4884 Hm
1293 4839 1311 4893 1
