3588 5296
752 357 862 415 mnne
878 356 1043 414 mnne.

371 523 539 613 plagerum
561 523 636 608 qnia
659 527 735 589 sunt
757 521 902 608 expertia
924 520 1010 588 sicut
1032 519 1172 606 maner,

372 628 459 716 quod
481 632 589 695 menet
605 629 761 696 intactum
783 649 888 715 neque
910 626 951 694 eb
974 627 1043 693 ictu
1065 625 1212 715 iungitur
1233 623 1350 711 hilum,

371 739 429 802 aut
450 735 548 802 etiam
570 735 646 822 quia
666 735 757 802 nulla
777 733 843 800 loci
865 733 911 800 sit
931 733 1026 820 copia
1047 732 1181 818 drcnm,

263 862 317 911 ero
374 863 439 928 quo
462 840 555 928 quasi
576 861 627 906 res
649 838 776 926 possint
797 837 958 904 discedere
979 837 1191 926 dissoluique,

375 948 470 1014 sicuti
492 968 689 1012 summarum
710 948 867 1012 summast
889 947 1033 1010 aeterna:
1054 964 1158 1031 neque
1179 947 1271 1010 extra

372 1053 445 1140 quis
466 1052 557 1119 locus
579 1055 628 1118 eet
650 1073 715 1138 quo
737 1049 924 1138 diffugiunt,
944 1069 1050 1136 neque
1071 1071 1207 1137 corpora
1229 1051 1306 1116 sumt
1329 1069 1412 1134 qnce

372 1159 498 1245 possint
519 1156 656 1226 incidere
677 1160 710 1224 et
732 1155 840 1222 ualido
861 1153 1041 1222 dissoluere
1061 1154 1167 1242 plaga

375 1263 462 1351 quod
484 1264 511 1331 si
534 1265 617 1332 forte
638 1262 711 1330 ideo
733 1262 838 1351 magis
859 1259 1045 1328 inmortalis
1067 1259 1260 1348 habendcrt,

264 1391 317 1440 ero
375 1369 461 1458 quod
483 1370 636 1438 uitalibus
659 1369 701 1436 ab
723 1368 820 1435 rebus
843 1367 971 1434 munita
994 1370 1137 1454 tenetur,

373 1482 431 1544 ant
453 1478 529 1565 quia
549 1497 615 1543 non
637 1475 773 1542 ueniunt
796 1475 929 1541 omnino
953 1473 1059 1540 aliena
1080 1473 1208 1559 edetis,

374 1590 430 1652 aut
452 1585 631 1671 quinques
653 1582 788 1648 ueniunt
810 1580 921 1667 alique
941 1580 1069 1647 ratione
1090 1579 1242 1646 recedunt

375 1691 469 1778 pulsa
490 1690 580 1777 prius
602 1711 699 1777 quem
722 1686 800 1775 quid
820 1690 960 1754 noceant
982 1685 1103 1753 sentire
1125 1707 1293 1773 quaemus:

373 1802 501 1884 praeter
523 1795 607 1862 enim
629 1817 726 1881 qnam
749 1794 837 1882 quod
857 1792 982 1861 morbis
1005 1815 1079 1860 cum
1100 1793 1245 1880 corporis
1267 1793 1390 1879 aegret,

265 1923 317 1973 err
376 1903 507 1970 aduenit
528 1900 561 1969 id
583 1900 669 1988 quod
691 1923 762 1968 eam
783 1899 823 1967 de
844 1899 943 1967 rebus
966 1921 1062 1987 saepe
1083 1899 1203 1966 tuturis

374 2013 513 2076 mereret
534 2007 631 2095 inque
653 2011 742 2075 metu
763 2007 847 2073 mele
868 2005 970 2074 habet
991 2006 1142 2093 curisque
1161 2005 1294 2094 fatigat,

371 2115 617 2204 praeteritisque
638 2113 723 2180 male
745 2112 895 2180 admissis
918 2116 1050 2198 pomata
1071 2109 1262 2178 remordent

375 2222 454 2289 adde
475 2222 616 2288 furorem
639 2219 739 2286 animi
761 2218 930 2306 proprium
952 2223 1052 2305 atque
1074 2217 1196 2285 obliuia
1216 2239 1339 2306 remur,

373 2328 452 2396 sdde
474 2327 561 2415 quod
582 2327 617 2393 in
637 2327 749 2414 nigrae
770 2323 913 2412 lethargi
935 2325 1096 2413 mergitur
1117 2322 1227 2390 undae

266 2455 318 2504 oco
420 2433 477 2502 Nil
499 2428 600 2521 igitur
621 2453 709 2499 mors
731 2436 783 2500 est
804 2431 845 2497 ad
866 2452 928 2498 noa
950 2452 1056 2519 neque
1077 2429 1218 2518 pertinet
1239 2427 1357 2517 hilum,

376 2538 632 2629 quandoquidem
653 2543 770 2605 nature
792 2537 893 2604 enimi
915 2537 1065 2604 mortalis
1086 2535 1232 2604 hebetur.

374 2654 409 2716 et
430 2646 520 2714 uelut
542 2648 615 2711 ante
638 2649 709 2712 ecto
731 2643 781 2711 nil
801 2649 947 2730 tempore
970 2643 1131 2712 sensimus
1153 2642 1256 2731 regri,

376 2754 416 2821 ed
438 2751 672 2840 confligendum
695 2749 903 2818 uenientibus
925 2749 1070 2837 undique
1090 2747 1221 2838 Poenis,

376 2861 484 2928 omnia
505 2881 577 2926 cum
599 2857 677 2924 belli
699 2855 826 2944 trepido
848 2878 1006 2924 concussa
1028 2855 1172 2922 tumultu

266 2985 318 3035 ero
374 2964 507 3034 horride
527 2969 746 3032 contremuere
768 2960 830 3028 sub
852 2962 929 3029 altis
952 2960 1094 3029 aetheris
1112 2960 1193 3050 oris,

377 3073 412 3140 in
434 3071 595 3158 dubioque
615 3070 704 3137 tuere
726 3073 876 3136 utrorum
898 3068 939 3135 ed
961 3090 1063 3158 regna
1084 3066 1258 3135 cedendum

376 3178 526 3245 omnibus
547 3175 696 3244 humanis
714 3179 800 3242 esset
821 3179 973 3262 terraque
995 3173 1156 3264 marique,

376 3285 436 3370 cic,
458 3283 515 3350 ubi
536 3303 603 3349 non
624 3281 758 3370 erimus,
779 3303 853 3348 cum
874 3282 1021 3368 corporis
1044 3285 1142 3368 atque
1163 3279 1282 3348 animai

376 3389 545 3457 discidium
566 3387 677 3477 luerit,
698 3387 817 3474 quibua
838 3409 859 3455 e
880 3409 995 3454 sumus
1018 3387 1127 3455 uniter
1147 3386 1230 3477 apti,

268 3515 320 3564 seo
378 3496 514 3582 scilicet,
533 3494 614 3560 lreut
635 3493 731 3560 nobie
755 3493 943 3582 quinquen,
965 3493 1023 3580 qui
1044 3515 1112 3560 non
1134 3493 1253 3561 erimus
1275 3496 1361 3580 tum,

377 3601 516 3669 accidere
539 3599 669 3667 omnino
692 3599 815 3687 poterit
837 3621 1033 3686 sensumque
1054 3621 1199 3688 mouere,

374 3729 443 3776 non
464 3707 493 3774 si
517 3712 601 3774 terra
621 3705 704 3773 mari
726 3703 916 3773 miscebitur
938 3708 972 3772 et
994 3727 1083 3773 mare
1104 3705 1201 3774 coelo.
1320 3750 1323 3757 »

377 3819 411 3882 et
433 3814 462 3881 ri
484 3815 548 3881 iam
560 3817 682 3880 nostro
705 3813 806 3879 sentit
827 3810 868 3880 de
890 3833 1026 3900 corpore
1046 3816 1221 3900 postquam

377 3920 563 3987 distractast
585 3918 684 3986 animi
704 3923 823 3986 natura
845 3917 1036 4004 minaeque
1057 3921 1218 4009 potenter,
1365 3931 1367 3935 “

137 4115 138 4126 ¹
269 4045 321 4094 err
378 4027 426 4094 nil
447 4031 556 4094 temen
577 4030 628 4093 eet
649 4025 690 4092 ad
710 4046 788 4113 nos,
809 4024 867 4111 qui
888 4027 1021 4111 comptu
1042 4021 1258 4111 coniugioque

378 4132 522 4220 corporis
545 4137 641 4220 atque
664 4131 788 4198 animoe
809 4129 1020 4197 consistimus
1042 4129 1149 4196 uniter
1171 4128 1248 4216 apti.

377 4258 450 4325 nec,
472 4239 502 4304 si
523 4237 688 4305 materiem
710 4240 857 4303 nostram
878 4234 1049 4322 collegerit
1070 4238 1159 4302 aeter

377 4347 454 4430 post
476 4342 601 4410 obitum
624 4362 816 4429 rursumque
837 4340 999 4428 redegerit
1020 4344 1060 4407 ut
1082 4341 1146 4408 sita
1167 4361 1255 4409 nunc
1275 4345 1341 4432 ert,

339 4575 391 4628 818
410 4573 489 4628 extre
507 4569 609 4626 Vddl:
628 4567 703 4624 exire
717 4569 745 4623 Α
762 4565 884 4624 exinB
936 4571 989 4624 ⁸1²
1009 4572 1116 4640 eumq:
1135 4569 1233 4644 n'cttt'q
1250 4569 1344 4626 Vm
1400 4575 1452 4626 884
1468 4585 1544 4625 mor·

269 4638 338 4698 bist:
357 4641 426 4699 verb.
440 4642 492 4697 Ar.
506 4671 541 4682 -
554 4638 657 4711 segritr
676 4639 745 4694 cert.
766 4638 927 4722 (distanter)
986 4645 1040 4695 826
1058 4642 1192 4697 maceretr
1212 4640 1281 4697 verb.
1294 4639 1331 4696 It.
1390 4643 1441 4696 888
1460 4637 1542 4696 eddiz

270 4711 339 4768 cert.
361 4711 404 4768 A·
508 4715 560 4766 tet
587 4707 643 4766 orie
671 4708 744 4779 Gr'ffl:
772 4725 848 4766 aune
870 4711 898 4766 Δ
926 4726 1012 4767 auras
1033 4710 1064 4767 B
1152 4715 1204 4768 eu
1227 4709 1390 4769 diruectere
1411 4709 1481 4767 mo.
1499 4709 1545 4767 B'

271 4784 322 4837 847
340 4781 488 4839 materiem
506 4780 582 4851 AN,
598 4796 655 4836 -em
673 4779 702 4836 B
