3588 5296
738 383 846 442 nunu
862 381 1025 441 mutue
1124 359 1127 366 '

357 546 413 614 eed
435 549 533 633 euput
554 567 624 614 eeee
646 546 740 635 quoei
762 551 795 614 et
816 543 976 614 dominor-i
997 543 1033 611 in
1055 565 1189 631 oorpore
1209 544 1283 609 toto

358 653 545 740 eonsilium,
566 651 652 740 quod
673 643 900 721 noo'unimurn
921 654 1125 738 mentemque
1146 669 1307 716 uouemue

249 778 301 828 reo
359 758 456 846 idque
478 759 577 826 eitum
598 759 703 827 medio
724 758 856 848 regione
876 758 914 824 in
933 756 1074 845 peotorie
1094 755 1215 824 humet

357 865 412 934 hie
433 865 558 934 exultet
579 867 664 934 enim
684 887 788 953 puuor
810 885 847 932 uu
868 868 989 952 metue,
1008 862 1088 930 lineo
1107 862 1181 930 loon
1202 860 1325 929 eitum

358 973 501 1040 luetitiue
522 971 677 1040 mulcent:
698 970 754 1039 hie
775 991 853 1059 ergo
874 991 966 1037 mene
988 969 1219 1056 unimuuqueet

356 1083 553 1166 oeterepure
575 1079 700 1146 unimue
721 1097 779 1164 per
801 1079 909 1143 totum
930 1074 1046 1142 diruite
1066 1095 1182 1161 oorpur

357 1189 503 1272 peretot
523 1185 564 1252 od
585 1205 704 1252 numen
725 1182 844 1250 mentio
866 1201 1058 1267 momenque
1079 1182 1237 1247 mouetur.

250 1307 299 1358 ut
357 1290 453 1378 idque
475 1291 539 1358 eibi
560 1290 667 1358 uolurn
687 1311 746 1377 per
768 1309 803 1355 ee
825 1287 925 1374 sepit:
945 1285 981 1353 id
1003 1285 1068 1353 eibi
1088 1284 1221 1374 geudet,

357 1420 431 1465 eum
452 1419 556 1484 nequo
577 1419 630 1464 ree
652 1395 793 1462 unimom
814 1415 919 1482 neque
939 1413 1057 1480 oorpue
1079 1394 1262 1459 commouet
1283 1413 1357 1458 unu.

357 1507 391 1571 et
413 1502 522 1592 quuei,
542 1524 615 1570 oum
637 1506 735 1590 eoput
757 1505 814 1569 out
836 1499 948 1568 ouulur
970 1501 1151 1586 temptuute
1172 1495 1283 1570 dolore

359 1607 498 1675 laeditur
519 1608 555 1674 in
576 1607 686 1696 nobie,
706 1628 775 1675 non
796 1607 884 1674 omui
906 1604 1147 1673 oonoruoiumur

361 1735 509 1804 eorpore,
530 1715 578 1782 uio
599 1714 726 1782 unimur
747 1733 989 1800 nonnumquam
1009 1710 1149 1779 leoditur
1168 1710 1240 1798 ipee
1329 1737 1332 1743 ·

358 1819 547 1908 luetitioque
568 1821 674 1909 uiget,
693 1842 767 1888 eum
788 1823 895 1887 cetere
915 1839 991 1906 pure
1014 1817 1133 1884 enimei

356 1948 415 2014 per
436 1927 579 1994 membre
600 1932 697 2014 utque
719 1931 811 1993 urtue
832 1924 924 1992 nulle
943 1924 1092 1992 nouitate
1113 1924 1230 1992 rietur:

357 2055 471 2105 uerum
491 2033 548 2100 ubi
571 2033 711 2100 nomenti
733 2031 837 2120 mugio
860 2035 911 2098 eet
932 2034 1093 2098 eommote
1114 2033 1204 2098 metu
1225 2052 1333 2119 mene,

357 2139 538 2210 ooneentire
560 2139 699 2207 ιιιίωαιιι
721 2142 827 2206 totum
847 2159 907 2226 per
927 2135 1074 2204 membru
1093 2135 1254 2228 uidemur,

357 2251 552 2333 montesque
574 2245 622 2312 ito
643 2244 862 2333 pelleremque
884 2243 1022 2310 existere
1044 2246 1116 2311 toto

358 2373 492 2439 oorpore
514 2356 548 2419 et
568 2351 702 2440 inffingi
723 2351 870 2439 linguam
892 2371 1069 2436 nouemque
1089 2346 1228 2437 eborini,

356 2457 496 2546 religare
517 2458 643 2548 oeuloe,
666 2479 779 2526 uouere
800 2457 905 2546 eurio,
926 2455 1087 2524 euooidere
1108 2460 1213 2544 ortuo,

358 2563 495 2652 denique
516 2564 680 2632 oonoidere
700 2586 742 2631 er
763 2563 863 2630 enimi
884 2566 1009 2630 terrore
1030 2561 1183 2629 uidemur·

358 2692 453 2757 euepe
474 2670 635 2759 hominem
656 2669 751 2738 ieeile
772 2673 811 2736 ut
832 2669 942 2757 quiuir
962 2669 1040 2736 hino
1060 2690 1193 2736 noeoere
1212 2669 1321 2757 pouit

357 2797 428 2844 eene
450 2777 590 2844 animem
610 2799 684 2844 oum
705 2777 813 2844 unimo
835 2776 1057 2863 ooniunotem,
1077 2798 1160 2863 queo
1181 2797 1255 2844 oum
1277 2774 1376 2842 enimi
1398 2773 1432 2842 vi

357 2887 554 2971 peronem,
575 2883 661 2950 erim
682 2904 801 2971 oorpue
821 2881 977 2970 propellit
998 2885 1033 2948 et
1053 2881 1120 2950 ieie

403 2988 493 3056 Hueu
513 2987 622 3056 eudem
644 2990 730 3058 rutio
751 2991 901 3056 notorum
922 2987 1022 3055 enimi
1044 2992 1142 3076 utque
1164 2986 1284 3055 uuimui

359 3116 545 3182 eorporeem
567 3094 662 3162 docet
682 3117 767 3162 eeee:
788 3093 845 3161 ubi
867 3093 954 3160 euim
974 3092 1155 3181 propellere
1176 3093 1336 3182 membru,

358 3201 518 3288 oorripere
539 3221 579 3266 ex
601 3221 714 3268 oomno
737 3221 869 3288 eorpur,
890 3203 1079 3286 mutureque
1099 3199 1228 3267 uoltum

358 3311 456 3394 etque
476 3306 640 3374 hominem
661 3310 769 3374 totum
786 3325 897 3393 regere
919 3325 957 3372 eo
977 3326 1107 3372 uerrere
1128 3305 1271 3396 uidetur,

360 3435 499 3502 quornm
520 3413 568 3480 nil
589 3411 661 3480 lieri
683 3412 753 3480 rino
772 3415 864 3478 tuutu
885 3431 983 3498 poete
1003 3409 1166 3502 uidemur,

355 3541 416 3588 nee
436 3523 559 3588 loetum
580 3539 678 3606 porro
701 3518 771 3584 eine
792 3537 941 3605 corpore,
960 3537 1070 3584 nonne
1090 3517 1290 3586 mtendumet

356 3647 510 3714 corporeo
530 3629 649 3693 nuture
669 3624 813 3692 unimum
834 3627 984 3690 oonetme
1005 3623 1232 3712 uuimumque?

358 3736 523 3820 praetereo
543 3731 665 3818 puriter
686 3729 780 3819 iungi
802 3751 875 3797 oum
897 3750 1033 3818 oorpore
1053 3734 1087 3797 et
1109 3751 1176 3798 une

357 3838 540 3905 consentire
560 3837 704 3903 animum
725 3835 822 3905 nobie
842 3836 877 3902 iu
899 3857 1034 3922 oorpore
1056 3836 1170 3904 oemio.

358 3945 388 4011 ei
409 3944 516 4010 minuo
539 3941 672 4009 offendit
693 3943 796 4009 uitem
817 3943 869 4009 uie
889 3940 1023 4009 horrido
1044 3939 1102 4008 teli

358 4048 487 4116 oeeibue
509 4069 546 4116 uo
566 4049 676 4115 neruie
698 4046 958 4115 uoluuntur
982 4046 1108 4134 edem,

358 4159 501 4222 uttumen
522 4155 704 4243 ineequitur
724 4153 864 4243 lenffluor
885 4156 1053 4240 meoque
1073 4152 1196 4240 petitur

358 4261 484 4349 suenio,
504 4264 538 4327 et
559 4262 594 4327 in
614 4265 702 4328 terre
722 4259 840 4327 mentio
862 4258 920 4346 qui
941 4258 1089 4348 gignitur
1111 4262 1220 4326 metue

356 4365 582 4453 interdumque
602 4365 695 4453 queri
717 4363 909 4454 exsurgendi
930 4365 1056 4434 ineerte
1076 4364 1239 4432 uolunta.

249 4486 300 4538 rte
357 4494 435 4561 ergo
458 4493 642 4574 corporeum
662 4475 813 4538 naturum
834 4469 934 4538 enimi
956 4491 1028 4539 eree
1048 4473 1225 4560 neem,

248 4731 258 4786 Ι
319 4659 1521 4790 letidmetnpiterpWot.151uouututeuoertltluituqtuwueffl

248 4734 581 4864 eumilo
592 4732 694 4864 itti
710 4733 778 4861 iii
782 4731 1252 4876 &emittm
1265 4736 1385 4860 „itt
1378 4729 1520 4862 ..0οῧ
1484 4801 1522 4862 ιι
